#bibliography

@book{Buckland2015,
  author = {Buckland, S. T. and Rexstad, E. A. and Marques, T. A. and Oedekoven, C. S.},
  title = {Distance sampling: methods and applications},
  publisher = {Springer},
  year = {2015}
}

@book{Buckland1993,
  author = {Buckland, S. T. and Anderson, D. R. and Burnham, K. P. and Laake, J. L.},
  title = {Distance sampling: estimating abundance of biological populations},
  publisher = {Chapman and Hall},
  year = {1993}
}

@book{Buckland2001,
  author = {Buckland, S. T. and Anderson, D. R. and Burnham, K. P. and Laake, J. L. and Borchers, D. L. and Thomas, L.},
  title = {Introduction to distance sampling: estimating abundance of biological populations},
  publisher = {Oxford University Press},
  year = {2001}
}

@article{Miller2013,
  author = {Miller, David L. and Burt, M. Louise and Rexstad, Eric A. and Thomas, Len},
  title = {Spatial models for distance sampling data: recent developments and future directions},
  journal = {Methods in Ecology and Evolution},
  year = {2013},
  volume = {4},
  pages = {1001--1010},
  doi = {https://doi.org/10.1111/2041-210X.12105}
}

@article{Kat2007,
  author = {Katsanevakis, Stelios},
  title = {Density surface modelling with line transect sampling as a tool for abundance estimation of marine benthic species: the Pinna nobilis example in a marine lake},
  journal = {Marine Biology},
  year = {2007},
  volume = {152},
  pages = {77--85},
  doi = {https://doi.org/10.1007/s00227-007-0659-3}
}

@article{Hedley2004,
  author = {Hedley, S. L. and Buckland, S. T.},
  title = {Spatial models for line transect sampling},
  journal = {Journal of Agricultural, Biological, and Environmental Statistics},
  year = {2004},
  volume = {9},
  number = {2},
  pages = {181--199},
  doi = {https://doi.org/10.1198/1085711043578}
}

@article{Bravington2021,
  author = {Bravington, Mark V. and Miller, David L. and Hedley, Sharon L.},
  title = {Variance Propagation for Density Surface Models},
  journal = {Journal of Agricultural, Biological and Environmental Statistics},
  year = {2021},
  doi = {https://doi.org/10.1007/s13253-021-00438-2}
}

@Manual{Souchay20,
  author = {Souchay, Guillaume},
  title = {Density surface model for hare point transect survey},
  year = {2020},
  url = {https://examples.distancesampling.org/dsm-point/hare_point_transect_dsm-distill.html#:~:text=Density%20surface%20model%20for%20hare%20point%20transect%20survey,is%20calculated%20properly.%20...%204%20Making%20predictions.}
}

@article{Fewster,
author = {Fewster, Rachel M. and Buckland, Stephen T. and Burnham, Kenneth P. and Borchers, David L. and Jupp, Peter E. and Laake, Jeffrey L. and Thomas, Len},
title = {Estimating the Encounter Rate Variance in Distance Sampling},
journal = {Biometrics},
volume = {65},
number = {1},
pages = {225-236},
keywords = {Distance sampling, Encounter rate, Line transect sampling, Point transect sampling, Stratified variance estimators, Systematic sampling, Variance estimation},
doi = {https://doi.org/10.1111/j.1541-0420.2008.01018.x},
url = {https://onlinelibrary.wiley.com/doi/abs/10.1111/j.1541-0420.2008.01018.x},
eprint = {https://onlinelibrary.wiley.com/doi/pdf/10.1111/j.1541-0420.2008.01018.x},
year = {2009}
}

@Online{Workshop,
    author = {CREEM},
    title = {Introduction to Distance Sampling},
    organization = {CREEM: Centre for Research into Ecological and Environmental Modeling},
    year = {2021},
    url = {https://workshops.distancesampling.org/online-course/lecturepdfs/Ch1/L1-4%20Choosing%20a%20Detection%20Function.pdf},
    urldate = {2022-04-07}
}

@Manual{R-sf,
  title = {sf: Simple Features for R},
  author = {Edzer Pebesma},
  year = {2022},
  note = {R package version 1.0-6},
  url = {https://CRAN.R-project.org/package=sf},
}

@Manual{R-Distance,
  title = {Distance: Distance Sampling Detection Function and Abundance Estimation},
  author = {David Lawrence Miller},
  year = {2021},
  note = {R package version 1.0.4},
  url = {https://github.com/DistanceDevelopment/Distance/},
}

@Manual{R-dssd,
  title = {dssd: Distance Sampling Survey Design},
  author = {Laura Marshall},
  year = {2021},
  note = {R package version 0.3.1},
  url = {https://CRAN.R-project.org/package=dssd},
}

@Manual{R-dsims,
  title = {dsims: Distance Sampling Simulations},
  author = {Laura Marshall},
  year = {2021},
  note = {R package version 0.2.0},
  url = {https://github.com/DistanceDevelopment/dsims},
}

@Manual{R-DSsim,
  title = {DSsim: Distance Sampling Simulations},
  author = {Laura Marshall},
  year = {2020},
  note = {R package version 1.1.5},
  url = {https://CRAN.R-project.org/package=DSsim},
}


@Manual{R-dsm,
  title = {dsm: Density Surface Modelling of Distance Sampling Data},
  author = {David L. Miller and Eric Rexstad and Louise Burt and Mark V. Bravington and Sharon Hedley.},
  year = {2021},
  note = {R package version 2.3.1},
  url = {https://github.com/DistanceDevelopment/dsm},
}

@Manual{R-rgeos,
  title = {rgeos: Interface to Geometry Engine - Open Source (GEOS)},
  author = {Roger Bivand and Colin Rundel},
  year = {2021},
  note = {R package version 0.5-9},
  url = {https://CRAN.R-project.org/package=rgeos},
}